@article{北京邮电大学理学院数学系概率教研室2010概率论与随机过程,
  title   = {概率论与随机过程},
  author  = {北京邮电大学理学院数学系概率教研室 and 史悦 and 孙洪祥},
  journal = {北京邮电大学出版社},
  year    = {2010}
}

@article{冯变英2008贝特朗悖论与概率论的公理化,
  title   = {贝特朗悖论与概率论的公理化},
  author  = {冯变英 and 王平},
  journal = {运城学院学报},
  volume  = {26},
  number  = {2},
  pages   = {2},
  year    = {2008}
}

@article{张敏2015贝特朗悖论之争的终结,
  title   = {贝特朗悖论之争的终结},
  author  = {张敏 and 何小亚},
  journal = {数学教育学报},
  number  = {3},
  pages   = {4},
  year    = {2015}
}