@article{矩阵论,
  title   = {矩阵论},
  author  = {张凯院和徐仲等},
  journal = {西北工业大学出版社},
  year    = {2017}
}

@phdthesis{王辉2011矩阵理论以及应用,
  title  = {矩阵理论以及应用},
  author = {王辉},
  school = {淮北师范大学},
  year   = {2011}
}